<record><leader>00000cas a22000007a 4500</leader><controlfield tag="001">11759252</controlfield><controlfield tag="008">850304d18861890wiuwr ne      0    0eng d</controlfield><datafield ind1=" " ind2=" " tag="010"><subfield code="a">sn 85040203 </subfield></datafield><datafield ind1=" " ind2=" " tag="040"><subfield code="a">NPV</subfield><subfield code="b">eng</subfield><subfield code="c">NPV</subfield><subfield code="d">OCLCQ</subfield></datafield><datafield ind1=" " ind2=" " tag="042"><subfield code="a">msc</subfield></datafield><datafield ind1=" " ind2=" " tag="043"><subfield code="a">n-us-wi</subfield></datafield><datafield ind1=" " ind2=" " tag="045"><subfield code="a">w8w9</subfield></datafield><datafield ind1=" " ind2=" " tag="052"><subfield code="a">4123</subfield><subfield code="b">D6</subfield></datafield><datafield ind1="0" ind2=" " tag="130"><subfield code="a">Independent (Sturgeon Bay, Wis.)</subfield></datafield><datafield ind1="1" ind2="4" tag="245"><subfield code="a">The independent.</subfield></datafield><datafield ind1=" " ind2=" " tag="260"><subfield code="a">Sturgeon Bay, Wis. :</subfield><subfield code="b">Independent Pub.,</subfield><subfield code="c">1886-1890.</subfield></datafield><datafield ind1=" " ind2=" " tag="300"><subfield code="a">4 v. :</subfield><subfield code="b">ill.</subfield></datafield><datafield ind1=" " ind2=" " tag="310"><subfield code="a">Weekly</subfield></datafield><datafield ind1="0" ind2=" " tag="362"><subfield code="a">[Vol. 13, no. 23] (Mar. 5, 1886)-v. 17, no. 38 (June 27, 1890).</subfield></datafield><datafield ind1=" " ind2=" " tag="500"><subfield code="a">Publisher varies.</subfield></datafield><datafield ind1=" " ind2=" " tag="500"><subfield code="a">Editor: D. Crandall, April 27, 1888-June 27, 1890.</subfield></datafield><datafield ind1=" " ind2=" " tag="530"><subfield code="a">Available on microfilm from The State Historical Society of Wisconsin.</subfield></datafield><datafield ind1=" " ind2=" " tag="752"><subfield code="a">United States</subfield><subfield code="b">Wisconsin</subfield><subfield code="c">Door</subfield><subfield code="d">Sturgeon Bay.</subfield></datafield><datafield ind1="0" ind2="0" tag="780"><subfield code="t">Weekly expositor</subfield><subfield code="w">(DLC)sn 85040202</subfield></datafield><datafield ind1="0" ind2="0" tag="785"><subfield code="t">Republican (Sturgeon Bay, Wis.)</subfield><subfield code="w">(DLC)sn 85040204</subfield></datafield></record>